
% Bibliography

% @settings{label,options="nameyear"}

@article{Goeman2004,
  title={A global test for groups of genes: testing association with a clinical outcome},
  author={Goeman, Jelle J and van de Geer, Sara A and de Kort, Floor and van Houwelingen, Hans C},
  journal={Bioinformatics},
  volume={20},
  pages={93--99},
  year={2004}
}

@article{leCessie1995,
  title={Testing the fit of a regression model via score tests in random effects models},
  author={le Cessie, Saskia and van Houwelingen, Hans C},
  journal={Biometrics},
  volume={51},
  pages={600--614},
  year={1995}
}

@book{McCullagh1989,
  title={Generalized linear models. 2nd ed},
  author={McCullagh, Peter and Nelder, John A},
  year={1989},
  publisher={Chapman and Hall},
  address={London}
}

@article{Menezes2016,
  title={Analysing multiple types of molecular profiles simultaneously: connecting the needles in the haystack},
  author={Menezes, Ren\'{e}e X and Mohammadi, Leila and Goeman, Jelle J and Boer, Judith},
  year={2015},
  journal={BMC Bioinformatics},
  volume={17},
  pages={77},
  year={2016}
}	

@article{Rauschenberger2016,
  title={Testing for association between \mbox{RNA-Seq} and high-dimensional data},
  author={Rauschenberger, Armin and Jonker, Marianne A and van de Wiel, Mark A and Menezes, Ren\'{e}e X},
  journal={BMC Bioinformatics},
  volume={17},
  pages={118},
  year={2016}
}

@article{Senchaudhuri1995,
  title={Estimating exact p values by the method of control variates or {Monte Carlo} rescue},
  author={Senchaudhuri, Pralay and Mehta, Cyrus R and Patel, Nitin R},
  journal={Journal of the American Statistical Association},
  volume={90},
  pages={640--648},
  year={1995}
}

@article{Wieringen2008,
  title={A test for partial differential expression},
  author={van Wieringen, Wessel N and van de Wiel, Mark A and van der Vaart, Aad W},
  journal={Journal of the American Statistical Association},
  volume={103},
  pages={1039--1049},
  year={2008}
}
